@article{hopkins2000,
	title = {Measures of Reliability in Sports Medicine and Science},
	author = {Hopkins, Will G.},
	year = {2000},
	date = {2000},
	journal = {Sports Medicine},
	pages = {1--15},
	volume = {30},
	number = {1},
	doi = {10.2165/00007256-200030010-00001},
	url = {http://dx.doi.org/10.2165/00007256-200030010-00001},
	langid = {en}
}

@article{halperin2015,
	title = {Threats to Internal Validity in Exercise Science: A Review of Overlooked Confounding Variables},
	author = {Halperin, Israel and Pyne, David B. and Martin, David T.},
	year = {2015},
	month = {10},
	date = {2015-10},
	journal = {International Journal of Sports Physiology and Performance},
	pages = {823--829},
	volume = {10},
	number = {7},
	doi = {10.1123/ijspp.2014-0566},
	url = {http://dx.doi.org/10.1123/ijspp.2014-0566}
}



@article{pickering2017,
	title = {ACTN3: More than Just a Gene for Speed},
	author = {Pickering, Craig and Kiely, John},
	year = {2017},
	month = {12},
	date = {2017-12-18},
	journal = {Frontiers in Physiology},
	pages = {1080},
	volume = {8},
	doi = {10.3389/fphys.2017.01080},
	url = {http://journal.frontiersin.org/article/10.3389/fphys.2017.01080/full}
}

@article{yang2003,
	title = {ACTN3 Genotype Is Associated with Human Elite Athletic Performance},
	author = {Yang, Nan and MacArthur, Daniel G. and Gulbin, Jason P. and Hahn, Allan G. and Beggs, Alan H. and Easteal, Simon and North, Kathryn},
	year = {2003},
	month = {09},
	date = {2003-09},
	journal = {The American Journal of Human Genetics},
	pages = {627--631},
	volume = {73},
	number = {3},
	doi = {10.1086/377590},
	url = {https://linkinghub.elsevier.com/retrieve/pii/S0002929707620242},
	langid = {en}
}

@article{eynon2012,
	title = {The ACTN3 R577X Polymorphism across Three Groups of Elite Male European Athletes},
	author = {Eynon, Nir and Ruiz, Jonatan R. and Femia, Pedro and Pushkarev, Vladimir P. and Cieszczyk, Pawel and Maciejewska-Karlowska, Agnieszka and Sawczuk, Marek and Dyatlov, Dmitry A. and Lekontsev, Evgeny V. and Kulikov, Leonid M. and Birk, Ruth and Bishop, David J. and Lucia, Alejandro},
	editor = {Garatachea, Nuria},
	year = {2012},
	month = {08},
	date = {2012-08-16},
	journal = {PLoS ONE},
	pages = {e43132},
	volume = {7},
	number = {8},
	doi = {10.1371/journal.pone.0043132},
	url = {https://dx.plos.org/10.1371/journal.pone.0043132},
	langid = {en}
}

@article{schadock2015,
	title = {Simple Method to Genotype the ACTN3 r577x Polymorphism},
	author = {Schadock, Ines and Schneider, Augusto and Silva, Elton Dias and Buchweitz, Marcia Rubia Duarte and Correa, Marcio Nunes and Pesquero, Joao Bosco and Paredes-Gamero, Edgar Julian and Araujo, Ronaldo Carvalho and Barros, Carlos Castilho},
	year = {2015},
	month = {05},
	date = {2015-05},
	journal = {Genetic Testing and Molecular Biomarkers},
	pages = {253--257},
	volume = {19},
	number = {5},
	doi = {10.1089/gtmb.2014.0299},
	url = {http://www.liebertpub.com/doi/10.1089/gtmb.2014.0299},
	langid = {en}
}

@book{bartlett2003,
	title = {PCR Protocols},
	author = {Bartlett, John M. S. and Stirling, David},
	year = {2003},
	date = {2003},
	publisher = {Humana Totowa, NJ},
	number = {Methods in Molecular Biology},
	url = {https://link.springer.com/book/10.1385/1592593844},
	langid = {en}
}

@misc{acompar,
	title = {A comparison of lower limb stiffness and mechanical muscle function in ACL-reconstructed, elite, and adolescent alpine ski racers/ski cross athletes | Elsevier Enhanced Reader},
	url = {https://reader.elsevier.com/reader/sd/pii/S2095254618300796?token=A83E22BEC41BC8EF0209CD1470C61AE4CA4492032FC97C2A022769CC9D3FEFA9804F097C3840E3083E6C2A8E49837D1E&originRegion=eu-west-1&originCreation=20221110212039},
	note = {DOI: 10.1016/j.jshs.2018.09.006},
	langid = {en}
}




@article{pina2019,
	title = {Similar Effects of 24 Weeks of Resistance Training Performed with Different Frequencies on Muscle Strength, Muscle Mass, and Muscle Quality in Older Women.},
	author = {PINA, {FÁBIO L. C.} and NUNES, {JOÃO PEDRO} and NASCIMENTO, MATHEUS A. and RIBEIRO, ALEX S. and MAYHEW, JERRY L. and CYRINO, EDILSON S.},
	year = {2019},
	month = {09},
	date = {2019-09},
	journal = {International Journal of Exercise Science},
	pages = {623--635},
	volume = {12},
	number = {6},
	url = {https://login.ezproxy.inn.no/login?url=https://search.ebscohost.com/login.aspx?direct=true&db=s3h&AN=135635160&site=ehost-live&scope=site}
}

@article{lopesmachado2022,
	title = {Resistance training variables on muscle hypertrophy: a systematic review.},
	author = {Lopes Machado, Wanderson Matheus and {Patrocínio de Oliveira}, Claudia Eliza and de Assis Arantes, Francielle and Gama de Matos, Dihogo and Maroto-Izquierdo, {Sérgio} and Costa Moreira, Osvaldo},
	year = {2022},
	month = {04},
	date = {2022-04},
	journal = {Motricidade},
	pages = {1--33},
	volume = {18},
	number = {2},
	url = {https://login.ezproxy.inn.no/login?url=https://search.ebscohost.com/login.aspx?direct=true&db=a9h&AN=158757842&site=ehost-live&scope=site},
	note = {Publisher: Silabas Didaticas LDA}
}
